<?xml version="1.0" encoding="UTF-8"?><collection xmlns="http://www.loc.gov/MARC21/slim"><record><leader>00442nam--2200133-i-4500</leader><controlfield tag="001">000040252</controlfield><controlfield tag="002">20161230</controlfield><controlfield tag="005">20161230201042</controlfield><controlfield tag="008">060222s1000------------r-----000-0-eng-d</controlfield><datafield ind1=" " ind2=" " tag="080"><subfield code="a">550.34:699.8</subfield></datafield><datafield ind1=" " ind2=" " tag="100"><subfield code="a">Sandi,H</subfield></datafield><datafield ind1=" " ind2=" " tag="245"><subfield code="a">Considerations sur la coordination centre les standards genereaux des etude de projet des structures et les standards des etudes de projet antiseismiques...</subfield></datafield><datafield ind1=" " ind2=" " tag="260"><subfield code="a">Bucarest, Incerc, 1974. 15 P</subfield></datafield><datafield ind1=" " ind2=" " tag="852"><subfield code="a">48157</subfield></datafield></record></collection>